


%
%
%
% automatically generated
% % bibtex2html ../../../../Manual/doc_tex/Manual/manual-3.5.bib
% Date: Thu Oct  1 18:35:36 2009

% Author: lrineau
%
%
%










@MANUAL{cgal:eb-09,
   TITLE        = {{CGAL} User and Reference Manual},
   AUTHOR       = {{CGAL Editorial Board}},
   EDITION      = {3.5},
   YEAR         = {2009},
   URL          = {http://www.cgal.org/Manual/3.5/doc_html/cgal_manual/packages.html}
}

@INCOLLECTION{cgal:h-af-09,
   AUTHOR       = {Michael Hemmer},
   BOOKTITLE    = {{CGAL} User and Reference Manual},
   PUBLISHER    = {},
   TITLE        = {Algebraic Foundations},
   YEAR         = {2009},
   EDITION      = {3.5},
   EDITOR       = {{CGAL Editorial Board}},
   URL          = {http://www.cgal.org/Manual/3.5/doc_html/cgal_manual/packages.html#Pkg:AlgebraicFoundations}
}

@INCOLLECTION{cgal:hhkps-nt-09,
   AUTHOR       = {Michael Hemmer and Susan Hert and Lutz Kettner and 
      Sylvain Pion and Stefan Schirra},
   BOOKTITLE    = {{CGAL} User and Reference Manual},
   PUBLISHER    = {},
   TITLE        = {Number Types},
   YEAR         = {2009},
   EDITION      = {3.5},
   EDITOR       = {{CGAL Editorial Board}},
   URL          = {http://www.cgal.org/Manual/3.5/doc_html/cgal_manual/packages.html#Pkg:NumberTypes}
}

@INCOLLECTION{cgal:h-p-09,
   AUTHOR       = {Michael Hemmer},
   BOOKTITLE    = {{CGAL} User and Reference Manual},
   PUBLISHER    = {},
   TITLE        = {Polynomial},
   YEAR         = {2009},
   EDITION      = {3.5},
   EDITOR       = {{CGAL Editorial Board}},
   URL          = {http://www.cgal.org/Manual/3.5/doc_html/cgal_manual/packages.html#Pkg:Polynomial}
}

@INCOLLECTION{cgal:h-ma-09,
   AUTHOR       = {Michael Hemmer},
   BOOKTITLE    = {{CGAL} User and Reference Manual},
   PUBLISHER    = {},
   TITLE        = {Modular Arithmetic},
   YEAR         = {2009},
   EDITION      = {3.5},
   EDITOR       = {{CGAL Editorial Board}},
   URL          = {http://www.cgal.org/Manual/3.5/doc_html/cgal_manual/packages.html#Pkg:ModularArithmetic}
}

@INCOLLECTION{cgal:bfghhkps-gk23-09,
   AUTHOR       = {Hervé Brönnimann and Andreas Fabri and 
      Geert-Jan Giezeman and Susan Hert and Michael Hoffmann and 
      Lutz Kettner and Stefan Schirra and Sylvain Pion},
   BOOKTITLE    = {{CGAL} User and Reference Manual},
   PUBLISHER    = {},
   TITLE        = {2D and 3D Geometry Kernel},
   YEAR         = {2009},
   EDITION      = {3.5},
   EDITOR       = {{CGAL Editorial Board}},
   URL          = {http://www.cgal.org/Manual/3.5/doc_html/cgal_manual/packages.html#Pkg:Kernel23}
}

@INCOLLECTION{cgal:s-gkd-09,
   AUTHOR       = {Michael Seel},
   BOOKTITLE    = {{CGAL} User and Reference Manual},
   PUBLISHER    = {},
   TITLE        = {dD Geometry Kernel},
   YEAR         = {2009},
   EDITION      = {3.5},
   EDITOR       = {{CGAL Editorial Board}},
   URL          = {http://www.cgal.org/Manual/3.5/doc_html/cgal_manual/packages.html#Pkg:KernelD}
}

@INCOLLECTION{cgal:mpt-cgk2-09,
   AUTHOR       = {de Castro, Pedro Machado Manhães and Sylvain Pion and 
      Monique Teillaud},
   BOOKTITLE    = {{CGAL} User and Reference Manual},
   PUBLISHER    = {},
   TITLE        = {2D Circular Geometry Kernel},
   YEAR         = {2009},
   EDITION      = {3.5},
   EDITOR       = {{CGAL Editorial Board}},
   URL          = {http://www.cgal.org/Manual/3.5/doc_html/cgal_manual/packages.html#Pkg:CircularKernel2}
}

@INCOLLECTION{cgal:mt-sgk3-09,
   AUTHOR       = {de Castro, Pedro Machado Manhães and Monique Teillaud},
   BOOKTITLE    = {{CGAL} User and Reference Manual},
   PUBLISHER    = {},
   TITLE        = {3D Spherical Geometry Kernel},
   YEAR         = {2009},
   EDITION      = {3.5},
   EDITOR       = {{CGAL Editorial Board}},
   URL          = {http://www.cgal.org/Manual/3.5/doc_html/cgal_manual/packages.html#Pkg:SphericalKernel3}
}

@INCOLLECTION{cgal:hs-chep2-09,
   AUTHOR       = {Susan Hert and Stefan Schirra},
   BOOKTITLE    = {{CGAL} User and Reference Manual},
   PUBLISHER    = {},
   TITLE        = {2D Convex Hulls and Extreme Points},
   YEAR         = {2009},
   EDITION      = {3.5},
   EDITOR       = {{CGAL Editorial Board}},
   URL          = {http://www.cgal.org/Manual/3.5/doc_html/cgal_manual/packages.html#Pkg:ConvexHull2}
}

@INCOLLECTION{cgal:hs-ch3-09,
   AUTHOR       = {Susan Hert and Stefan Schirra},
   BOOKTITLE    = {{CGAL} User and Reference Manual},
   PUBLISHER    = {},
   TITLE        = {3D Convex Hulls},
   YEAR         = {2009},
   EDITION      = {3.5},
   EDITOR       = {{CGAL Editorial Board}},
   URL          = {http://www.cgal.org/Manual/3.5/doc_html/cgal_manual/packages.html#Pkg:ConvexHull3}
}

@INCOLLECTION{cgal:gw-p2-09,
   AUTHOR       = {Geert-Jan Giezeman and Wieger Wesselink},
   BOOKTITLE    = {{CGAL} User and Reference Manual},
   PUBLISHER    = {},
   TITLE        = {2D Polygons},
   YEAR         = {2009},
   EDITION      = {3.5},
   EDITOR       = {{CGAL Editorial Board}},
   URL          = {http://www.cgal.org/Manual/3.5/doc_html/cgal_manual/packages.html#Pkg:Polygon2}
}

@INCOLLECTION{cgal:h-pp2-09,
   AUTHOR       = {Susan Hert},
   BOOKTITLE    = {{CGAL} User and Reference Manual},
   PUBLISHER    = {},
   TITLE        = {2D Polygon Partitioning},
   YEAR         = {2009},
   EDITION      = {3.5},
   EDITOR       = {{CGAL Editorial Board}},
   URL          = {http://www.cgal.org/Manual/3.5/doc_html/cgal_manual/packages.html#Pkg:PolygonPartitioning2}
}

@INCOLLECTION{cgal:hs-chdt3-09,
   AUTHOR       = {Susan Hert and Michael Seel},
   BOOKTITLE    = {{CGAL} User and Reference Manual},
   PUBLISHER    = {},
   TITLE        = {dD Convex Hulls and {Delaunay} Triangulations},
   YEAR         = {2009},
   EDITION      = {3.5},
   EDITOR       = {{CGAL Editorial Board}},
   URL          = {http://www.cgal.org/Manual/3.5/doc_html/cgal_manual/packages.html#Pkg:ConvexHullD}
}

@INCOLLECTION{cgal:k-ps-09,
   AUTHOR       = {Lutz Kettner},
   BOOKTITLE    = {{CGAL} User and Reference Manual},
   PUBLISHER    = {},
   TITLE        = {3D Polyhedral Surfaces},
   YEAR         = {2009},
   EDITION      = {3.5},
   EDITOR       = {{CGAL Editorial Board}},
   URL          = {http://www.cgal.org/Manual/3.5/doc_html/cgal_manual/packages.html#Pkg:Polyhedron}
}

@INCOLLECTION{cgal:k-hds-09,
   AUTHOR       = {Lutz Kettner},
   BOOKTITLE    = {{CGAL} User and Reference Manual},
   PUBLISHER    = {},
   TITLE        = {Halfedge Data Structures},
   YEAR         = {2009},
   EDITION      = {3.5},
   EDITOR       = {{CGAL Editorial Board}},
   URL          = {http://www.cgal.org/Manual/3.5/doc_html/cgal_manual/packages.html#Pkg:HDS}
}

@INCOLLECTION{cgal:fwzh-rbso2-09,
   AUTHOR       = {Efi Fogel and Ron Wein and Baruch Zukerman and 
      Dan Halperin},
   BOOKTITLE    = {{CGAL} User and Reference Manual},
   PUBLISHER    = {},
   TITLE        = {2D Regularized {Boolean} Set-Operations},
   YEAR         = {2009},
   EDITION      = {3.5},
   EDITOR       = {{CGAL Editorial Board}},
   URL          = {http://www.cgal.org/Manual/3.5/doc_html/cgal_manual/packages.html#Pkg:BooleanSetOperations2}
}

@INCOLLECTION{cgal:w-ms2-09,
   AUTHOR       = {Ron Wein},
   BOOKTITLE    = {{CGAL} User and Reference Manual},
   PUBLISHER    = {},
   TITLE        = {2D {Minkowski} Sums},
   YEAR         = {2009},
   EDITION      = {3.5},
   EDITOR       = {{CGAL Editorial Board}},
   URL          = {http://www.cgal.org/Manual/3.5/doc_html/cgal_manual/packages.html#Pkg:MinkowskiSum2}
}

@INCOLLECTION{cgal:s-bonp2-09,
   AUTHOR       = {Michael Seel},
   BOOKTITLE    = {{CGAL} User and Reference Manual},
   PUBLISHER    = {},
   TITLE        = {2D {Boolean} Operations on {Nef} Polygons},
   YEAR         = {2009},
   EDITION      = {3.5},
   EDITOR       = {{CGAL Editorial Board}},
   URL          = {http://www.cgal.org/Manual/3.5/doc_html/cgal_manual/packages.html#Pkg:Nef2}
}

@INCOLLECTION{cgal:hk-bonpes2-09,
   AUTHOR       = {Peter Hachenberger and Lutz Kettner},
   BOOKTITLE    = {{CGAL} User and Reference Manual},
   PUBLISHER    = {},
   TITLE        = {2D {Boolean} Operations on {Nef} Polygons Embedded on the 
      Sphere},
   YEAR         = {2009},
   EDITION      = {3.5},
   EDITOR       = {{CGAL Editorial Board}},
   URL          = {http://www.cgal.org/Manual/3.5/doc_html/cgal_manual/packages.html#Pkg:NefS2}
}

@INCOLLECTION{cgal:hk-bonp3-09,
   AUTHOR       = {Peter Hachenberger and Lutz Kettner},
   BOOKTITLE    = {{CGAL} User and Reference Manual},
   PUBLISHER    = {},
   TITLE        = {3D {Boolean} Operations on {Nef} Polyhedra},
   YEAR         = {2009},
   EDITION      = {3.5},
   EDITOR       = {{CGAL Editorial Board}},
   URL          = {http://www.cgal.org/Manual/3.5/doc_html/cgal_manual/packages.html#Pkg:Nef3}
}

@INCOLLECTION{cgal:h-cdp-09,
   AUTHOR       = {Peter Hachenberger},
   BOOKTITLE    = {{CGAL} User and Reference Manual},
   PUBLISHER    = {},
   TITLE        = {Convex Decomposition of Polyhedra},
   YEAR         = {2009},
   EDITION      = {3.5},
   EDITOR       = {{CGAL Editorial Board}},
   URL          = {http://www.cgal.org/Manual/3.5/doc_html/cgal_manual/packages.html#Pkg:ConvexDecomposition3}
}

@INCOLLECTION{cgal:hk-mnp3-09,
   AUTHOR       = {Peter Hachenberger},
   BOOKTITLE    = {{CGAL} User and Reference Manual},
   PUBLISHER    = {},
   TITLE        = {3D {Minkowski} Sum of Polyhedra},
   YEAR         = {2009},
   EDITION      = {3.5},
   EDITOR       = {{CGAL Editorial Board}},
   URL          = {http://www.cgal.org/Manual/3.5/doc_html/cgal_manual/packages.html#Pkg:MinkowskiSum3}
}

@INCOLLECTION{cgal:c-sspo2-09,
   AUTHOR       = {Fernando Cacciola},
   BOOKTITLE    = {{CGAL} User and Reference Manual},
   PUBLISHER    = {},
   TITLE        = {2D Straight Skeleton and Polygon Offsetting},
   YEAR         = {2009},
   EDITION      = {3.5},
   EDITOR       = {{CGAL Editorial Board}},
   URL          = {http://www.cgal.org/Manual/3.5/doc_html/cgal_manual/packages.html#Pkg:StraightSkeleton2}
}

@INCOLLECTION{cgal:wfzh-a2-09,
   AUTHOR       = {Ron Wein and Efi Fogel and Baruch Zukerman and 
      Dan Halperin},
   BOOKTITLE    = {{CGAL} User and Reference Manual},
   PUBLISHER    = {},
   TITLE        = {2D Arrangements},
   YEAR         = {2009},
   EDITION      = {3.5},
   EDITOR       = {{CGAL Editorial Board}},
   URL          = {http://www.cgal.org/Manual/3.5/doc_html/cgal_manual/packages.html#Pkg:Arrangement2}
}

@INCOLLECTION{cgal:wfz-ic2-09,
   AUTHOR       = {Ron Wein and Efi Fogel and Baruch Zukerman},
   BOOKTITLE    = {{CGAL} User and Reference Manual},
   PUBLISHER    = {},
   TITLE        = {2D Intersection of Curves},
   YEAR         = {2009},
   EDITION      = {3.5},
   EDITOR       = {{CGAL Editorial Board}},
   URL          = {http://www.cgal.org/Manual/3.5/doc_html/cgal_manual/packages.html#Pkg:IntersectionOfCurves2}
}

@INCOLLECTION{cgal:p-sr2-09,
   AUTHOR       = {Eli Packer},
   BOOKTITLE    = {{CGAL} User and Reference Manual},
   PUBLISHER    = {},
   TITLE        = {2D Snap Rounding},
   YEAR         = {2009},
   EDITION      = {3.5},
   EDITOR       = {{CGAL Editorial Board}},
   URL          = {http://www.cgal.org/Manual/3.5/doc_html/cgal_manual/packages.html#Pkg:SnapRounding2}
}

@INCOLLECTION{cgal:w-e2-09,
   AUTHOR       = {Ron Wein},
   BOOKTITLE    = {{CGAL} User and Reference Manual},
   PUBLISHER    = {},
   TITLE        = {2D Envelopes},
   YEAR         = {2009},
   EDITION      = {3.5},
   EDITOR       = {{CGAL Editorial Board}},
   URL          = {http://www.cgal.org/Manual/3.5/doc_html/cgal_manual/packages.html#Pkg:Envelope2}
}

@INCOLLECTION{cgal:mwz-e3-09,
   AUTHOR       = {Michal Meyerovitch and Ron Wein and Baruch Zukerman},
   BOOKTITLE    = {{CGAL} User and Reference Manual},
   PUBLISHER    = {},
   TITLE        = {3D Envelopes},
   YEAR         = {2009},
   EDITION      = {3.5},
   EDITOR       = {{CGAL Editorial Board}},
   URL          = {http://www.cgal.org/Manual/3.5/doc_html/cgal_manual/packages.html#Pkg:Envelope3}
}

@INCOLLECTION{cgal:y-t2-09,
   AUTHOR       = {Mariette Yvinec},
   BOOKTITLE    = {{CGAL} User and Reference Manual},
   PUBLISHER    = {},
   TITLE        = {2D Triangulations},
   YEAR         = {2009},
   EDITION      = {3.5},
   EDITOR       = {{CGAL Editorial Board}},
   URL          = {http://www.cgal.org/Manual/3.5/doc_html/cgal_manual/packages.html#Pkg:Triangulation2}
}

@INCOLLECTION{cgal:py-tds2-09,
   AUTHOR       = {Sylvain Pion and Mariette Yvinec},
   BOOKTITLE    = {{CGAL} User and Reference Manual},
   PUBLISHER    = {},
   TITLE        = {2D Triangulation Data Structure},
   YEAR         = {2009},
   EDITION      = {3.5},
   EDITOR       = {{CGAL Editorial Board}},
   URL          = {http://www.cgal.org/Manual/3.5/doc_html/cgal_manual/packages.html#Pkg:TDS2}
}

@INCOLLECTION{cgal:pt-t3-09,
   AUTHOR       = {Sylvain Pion and Monique Teillaud},
   BOOKTITLE    = {{CGAL} User and Reference Manual},
   PUBLISHER    = {},
   TITLE        = {3D Triangulations},
   YEAR         = {2009},
   EDITION      = {3.5},
   EDITOR       = {{CGAL Editorial Board}},
   URL          = {http://www.cgal.org/Manual/3.5/doc_html/cgal_manual/packages.html#Pkg:Triangulation3}
}

@INCOLLECTION{cgal:pt-tds3-09,
   AUTHOR       = {Sylvain Pion and Monique Teillaud},
   BOOKTITLE    = {{CGAL} User and Reference Manual},
   PUBLISHER    = {},
   TITLE        = {3D Triangulation Data Structure},
   YEAR         = {2009},
   EDITION      = {3.5},
   EDITOR       = {{CGAL Editorial Board}},
   URL          = {http://www.cgal.org/Manual/3.5/doc_html/cgal_manual/packages.html#Pkg:TDS3}
}

@INCOLLECTION{cgal:pt-tds3-09,
   AUTHOR       = {Manuel Caroli and Monique Teillaud},
   BOOKTITLE    = {{CGAL} User and Reference Manual},
   PUBLISHER    = {},
   TITLE        = {3D Periodic Triangulations},
   YEAR         = {2009},
   EDITION      = {3.5},
   EDITOR       = {{CGAL Editorial Board}},
   URL          = {http://www.cgal.org/Manual/3.5/doc_html/cgal_manual/packages.html#Pkg:Periodic3Triangulations3}
}

@INCOLLECTION{cgal:d-as2-09,
   AUTHOR       = {Tran Kai Frank Da},
   BOOKTITLE    = {{CGAL} User and Reference Manual},
   PUBLISHER    = {},
   TITLE        = {2D Alpha Shapes},
   YEAR         = {2009},
   EDITION      = {3.5},
   EDITOR       = {{CGAL Editorial Board}},
   URL          = {http://www.cgal.org/Manual/3.5/doc_html/cgal_manual/packages.html#Pkg:AlphaShape2}
}

@INCOLLECTION{cgal:dy-as3-09,
   AUTHOR       = {Tran Kai Frank Da and Mariette Yvinec},
   BOOKTITLE    = {{CGAL} User and Reference Manual},
   PUBLISHER    = {},
   TITLE        = {3D Alpha Shapes},
   YEAR         = {2009},
   EDITION      = {3.5},
   EDITOR       = {{CGAL Editorial Board}},
   URL          = {http://www.cgal.org/Manual/3.5/doc_html/cgal_manual/packages.html#Pkg:AlphaShapes3}
}

@INCOLLECTION{cgal:k-sdg2-09,
   AUTHOR       = {Menelaos Karavelas},
   BOOKTITLE    = {{CGAL} User and Reference Manual},
   PUBLISHER    = {},
   TITLE        = {2D Segment {Delaunay} Graphs},
   YEAR         = {2009},
   EDITION      = {3.5},
   EDITOR       = {{CGAL Editorial Board}},
   URL          = {http://www.cgal.org/Manual/3.5/doc_html/cgal_manual/packages.html#Pkg::SegmentDelaunayGraph2}
}

@INCOLLECTION{cgal:ky-ag2-09,
   AUTHOR       = {Menelaos Karavelas and Mariette Yvinec},
   BOOKTITLE    = {{CGAL} User and Reference Manual},
   PUBLISHER    = {},
   TITLE        = {2D {Apollonius} Graphs ({Delaunay} Graphs of Disks)},
   YEAR         = {2009},
   EDITION      = {3.5},
   EDITOR       = {{CGAL Editorial Board}},
   URL          = {http://www.cgal.org/Manual/3.5/doc_html/cgal_manual/packages.html#Pkg::ApolloniusGraph2}
}

@INCOLLECTION{cgal:k-vda2-09,
   AUTHOR       = {Menelaos Karavelas},
   BOOKTITLE    = {{CGAL} User and Reference Manual},
   PUBLISHER    = {},
   TITLE        = {2D {Voronoi} Diagram Adaptor},
   YEAR         = {2009},
   EDITION      = {3.5},
   EDITOR       = {{CGAL Editorial Board}},
   URL          = {http://www.cgal.org/Manual/3.5/doc_html/cgal_manual/packages.html#Pkg:VoronoiDiagramAdaptor2}
}

@INCOLLECTION{cgal:r-ctm2-09,
   AUTHOR       = {Laurent Rineau},
   BOOKTITLE    = {{CGAL} User and Reference Manual},
   PUBLISHER    = {},
   TITLE        = {2D Conforming Triangulations and Meshes},
   YEAR         = {2009},
   EDITION      = {3.5},
   EDITOR       = {{CGAL Editorial Board}},
   URL          = {http://www.cgal.org/Manual/3.5/doc_html/cgal_manual/packages.html#Pkg:Mesh2}
}

@INCOLLECTION{cgal:ry-smg-09,
   AUTHOR       = {Laurent Rineau and Mariette Yvinec},
   BOOKTITLE    = {{CGAL} User and Reference Manual},
   PUBLISHER    = {},
   TITLE        = {3D Surface Mesh Generation},
   YEAR         = {2009},
   EDITION      = {3.5},
   EDITOR       = {{CGAL Editorial Board}},
   URL          = {http://www.cgal.org/Manual/3.5/doc_html/cgal_manual/packages.html#Pkg:SurfaceMesher3}
}

@INCOLLECTION{cgal:asg-srps-09,
   AUTHOR       = {Pierre Alliez and Laurent Saboret and Gael Guennebaud},
   BOOKTITLE    = {{CGAL} User and Reference Manual},
   PUBLISHER    = {},
   TITLE        = {Surface Reconstruction from Point Sets},
   YEAR         = {2009},
   EDITION      = {3.5},
   EDITOR       = {{CGAL Editorial Board}},
   URL          = {http://www.cgal.org/Manual/3.5/doc_html/cgal_manual/packages.html#Pkg:SurfaceReconstructionFromPointSets}
}

@INCOLLECTION{cgal:k-ssm3-09,
   AUTHOR       = {Nico Kruithof},
   BOOKTITLE    = {{CGAL} User and Reference Manual},
   PUBLISHER    = {},
   TITLE        = {3D Skin Surface Meshing},
   YEAR         = {2009},
   EDITION      = {3.5},
   EDITOR       = {{CGAL Editorial Board}},
   URL          = {http://www.cgal.org/Manual/3.5/doc_html/cgal_manual/packages.html#Pkg:SkinSurface3}
}

@INCOLLECTION{cgal:rty-m3-09,
   AUTHOR       = {Laurent Rineau and Stéphane Tayeb and Mariette Yvinec},
   BOOKTITLE    = {{CGAL} User and Reference Manual},
   PUBLISHER    = {},
   TITLE        = {3D Mesh Generation},
   YEAR         = {2009},
   EDITION      = {3.5},
   EDITOR       = {{CGAL Editorial Board}},
   URL          = {http://www.cgal.org/Manual/3.5/doc_html/cgal_manual/packages.html#Pkg:Mesh_3}
}

@INCOLLECTION{cgal:s-ssm2-09,
   AUTHOR       = {Le-Jeng Andy Shiue},
   BOOKTITLE    = {{CGAL} User and Reference Manual},
   PUBLISHER    = {},
   TITLE        = {3D Surface Subdivision Methods},
   YEAR         = {2009},
   EDITION      = {3.5},
   EDITOR       = {{CGAL Editorial Board}},
   URL          = {http://www.cgal.org/Manual/3.5/doc_html/cgal_manual/packages.html#Pkg:SurfaceSubdivisionMethods3}
}

@INCOLLECTION{cgal:c-tsms-09,
   AUTHOR       = {Fernando Cacciola},
   BOOKTITLE    = {{CGAL} User and Reference Manual},
   PUBLISHER    = {},
   TITLE        = {Triangulated Surface Mesh Simplification},
   YEAR         = {2009},
   EDITION      = {3.5},
   EDITOR       = {{CGAL Editorial Board}},
   URL          = {http://www.cgal.org/Manual/3.5/doc_html/cgal_manual/packages.html#Pkg:SurfaceMeshSimplification}
}

@INCOLLECTION{cgal:sal-pptsm2-09,
   AUTHOR       = {Laurent Saboret and Pierre Alliez and Bruno Lévy},
   BOOKTITLE    = {{CGAL} User and Reference Manual},
   PUBLISHER    = {},
   TITLE        = {Planar Parameterization of Triangulated Surface Meshes},
   YEAR         = {2009},
   EDITION      = {3.5},
   EDITOR       = {{CGAL Editorial Board}},
   URL          = {http://www.cgal.org/Manual/3.5/doc_html/cgal_manual/packages.html#Pkg:SurfaceParameterization}
}

@INCOLLECTION{cgal:n-rstd-09,
   AUTHOR       = {Gabriele Neyer},
   BOOKTITLE    = {{CGAL} User and Reference Manual},
   PUBLISHER    = {},
   TITLE        = {dD Range and Segment Trees},
   YEAR         = {2009},
   EDITION      = {3.5},
   EDITOR       = {{CGAL Editorial Board}},
   URL          = {http://www.cgal.org/Manual/3.5/doc_html/cgal_manual/packages.html#Pkg:RangeSegmentTreesD}
}

@INCOLLECTION{cgal:f-isl-09,
   AUTHOR       = {Andreas Fabri},
   BOOKTITLE    = {{CGAL} User and Reference Manual},
   PUBLISHER    = {},
   TITLE        = {Interval Skip List},
   YEAR         = {2009},
   EDITION      = {3.5},
   EDITOR       = {{CGAL Editorial Board}},
   URL          = {http://www.cgal.org/Manual/3.5/doc_html/cgal_manual/packages.html#Pkg:IntervalSkipList}
}

@INCOLLECTION{cgal:tf-ssd-09,
   AUTHOR       = {Hans Tangelder and Andreas Fabri},
   BOOKTITLE    = {{CGAL} User and Reference Manual},
   PUBLISHER    = {},
   TITLE        = {dD Spatial Searching},
   YEAR         = {2009},
   EDITION      = {3.5},
   EDITOR       = {{CGAL Editorial Board}},
   URL          = {http://www.cgal.org/Manual/3.5/doc_html/cgal_manual/packages.html#Pkg:SpatialSearchingD}
}

@INCOLLECTION{cgal:kmz-isiobd-09,
   AUTHOR       = {Lutz Kettner and Andreas Meyer and Afra Zomorodian},
   BOOKTITLE    = {{CGAL} User and Reference Manual},
   PUBLISHER    = {},
   TITLE        = {Intersecting Sequences of dD Iso-oriented Boxes},
   YEAR         = {2009},
   EDITION      = {3.5},
   EDITOR       = {{CGAL Editorial Board}},
   URL          = {http://www.cgal.org/Manual/3.5/doc_html/cgal_manual/packages.html#Pkg:BoxIntersectionD}
}

@INCOLLECTION{cgal:fghhs-bv-09,
   AUTHOR       = {Kaspar Fischer and Bernd Gärtner and Thomas Herrmann and 
      Michael Hoffmann and Sven Schönherr},
   BOOKTITLE    = {{CGAL} User and Reference Manual},
   PUBLISHER    = {},
   TITLE        = {Bounding Volumes},
   YEAR         = {2009},
   EDITION      = {3.5},
   EDITOR       = {{CGAL Editorial Board}},
   URL          = {http://www.cgal.org/Manual/3.5/doc_html/cgal_manual/packages.html#Pkg:BoundingVolumes}
}

@INCOLLECTION{cgal:fgsw-lqps-09,
   AUTHOR       = {Kaspar Fischer and Bernd Gärtner and Sven Schönherr and 
      Frans Wessendorp},
   BOOKTITLE    = {{CGAL} User and Reference Manual},
   PUBLISHER    = {},
   TITLE        = {Linear and Quadratic Programming Solver},
   YEAR         = {2009},
   EDITION      = {3.5},
   EDITOR       = {{CGAL Editorial Board}},
   URL          = {http://www.cgal.org/Manual/3.5/doc_html/cgal_manual/packages.html#Pkg:QPSolver}
}

@INCOLLECTION{cgal:hp-ia-09,
   AUTHOR       = {Michael Hoffmann and Eli Packer},
   BOOKTITLE    = {{CGAL} User and Reference Manual},
   PUBLISHER    = {},
   TITLE        = {Inscribed Areas},
   YEAR         = {2009},
   EDITION      = {3.5},
   EDITOR       = {{CGAL Editorial Board}},
   URL          = {http://www.cgal.org/Manual/3.5/doc_html/cgal_manual/packages.html#Pkg:InscribedAreas}
}

@INCOLLECTION{cgal:fghhs-od-09,
   AUTHOR       = {Kaspar Fischer and Bernd Gärtner and Thomas Herrmann and 
      Michael Hoffmann and Sven Schönherr},
   BOOKTITLE    = {{CGAL} User and Reference Manual},
   PUBLISHER    = {},
   TITLE        = {Optimal Distances},
   YEAR         = {2009},
   EDITION      = {3.5},
   EDITOR       = {{CGAL Editorial Board}},
   URL          = {http://www.cgal.org/Manual/3.5/doc_html/cgal_manual/packages.html#Pkg:OptimalDistances}
}

@INCOLLECTION{cgal:f-i-09,
   AUTHOR       = {Julia Flötotto},
   BOOKTITLE    = {{CGAL} User and Reference Manual},
   PUBLISHER    = {},
   TITLE        = {Interpolation},
   YEAR         = {2009},
   EDITION      = {3.5},
   EDITOR       = {{CGAL Editorial Board}},
   URL          = {http://www.cgal.org/Manual/3.5/doc_html/cgal_manual/packages.html#Pkg:Interpolation2}
}

@INCOLLECTION{cgal:ap-pcad-09,
   AUTHOR       = {Pierre Alliez and Sylvain Pion},
   BOOKTITLE    = {{CGAL} User and Reference Manual},
   PUBLISHER    = {},
   TITLE        = {dD Principal Component Analysis},
   YEAR         = {2009},
   EDITION      = {3.5},
   EDITOR       = {{CGAL Editorial Board}},
   URL          = {http://www.cgal.org/Manual/3.5/doc_html/cgal_manual/packages.html#Pkg:PrincipalComponentAnalysisD}
}

@INCOLLECTION{cgal:m-ps-09,
   AUTHOR       = {Abdelkrim Mebarki},
   BOOKTITLE    = {{CGAL} User and Reference Manual},
   PUBLISHER    = {},
   TITLE        = {2D Placement of Streamlines},
   YEAR         = {2009},
   EDITION      = {3.5},
   EDITOR       = {{CGAL Editorial Board}},
   URL          = {http://www.cgal.org/Manual/3.5/doc_html/cgal_manual/packages.html#Pkg:PlacementOfStreamlines2}
}

@INCOLLECTION{cgal:cp-arutsm-09,
   AUTHOR       = {Frédéric Cazals and Marc Pouget},
   BOOKTITLE    = {{CGAL} User and Reference Manual},
   PUBLISHER    = {},
   TITLE        = {Approximation of Ridges and Umbilics on Triangulated 
      Surface Meshes},
   YEAR         = {2009},
   EDITION      = {3.5},
   EDITOR       = {{CGAL Editorial Board}},
   URL          = {http://www.cgal.org/Manual/3.5/doc_html/cgal_manual/packages.html#Pkg:Ridges_3}
}

@INCOLLECTION{cgal:cp-eldp-09,
   AUTHOR       = {Frédéric Cazals and Marc Pouget},
   BOOKTITLE    = {{CGAL} User and Reference Manual},
   PUBLISHER    = {},
   TITLE        = {Estimation of Local Differential Properties},
   YEAR         = {2009},
   EDITION      = {3.5},
   EDITOR       = {{CGAL Editorial Board}},
   URL          = {http://www.cgal.org/Manual/3.5/doc_html/cgal_manual/packages.html#Pkg:Jet_fitting_3}
}

@INCOLLECTION{cgal:ass-psp-09,
   AUTHOR       = {Pierre Alliez and Laurent Saboret and Nader Salman},
   BOOKTITLE    = {{CGAL} User and Reference Manual},
   PUBLISHER    = {},
   TITLE        = {Point Set Processing},
   YEAR         = {2009},
   EDITION      = {3.5},
   EDITOR       = {{CGAL Editorial Board}},
   URL          = {http://www.cgal.org/Manual/3.5/doc_html/cgal_manual/packages.html#Pkg:PointSetProcessing}
}

@INCOLLECTION{cgal:f-kds-09,
   AUTHOR       = {Daniel Russel},
   BOOKTITLE    = {{CGAL} User and Reference Manual},
   PUBLISHER    = {},
   TITLE        = {Kinetic Data Structures},
   YEAR         = {2009},
   EDITION      = {3.5},
   EDITOR       = {{CGAL Editorial Board}},
   URL          = {http://www.cgal.org/Manual/3.5/doc_html/cgal_manual/packages.html#Pkg:Kds}
}

@INCOLLECTION{cgal:f-kdsf-09,
   AUTHOR       = {Daniel Russel},
   BOOKTITLE    = {{CGAL} User and Reference Manual},
   PUBLISHER    = {},
   TITLE        = {Kinetic Data Structures Framework},
   YEAR         = {2009},
   EDITION      = {3.5},
   EDITOR       = {{CGAL Editorial Board}},
   URL          = {http://www.cgal.org/Manual/3.5/doc_html/cgal_manual/packages.html#Pkg:KdsFramework}
}

@INCOLLECTION{cgal:cfw-cbgl-09,
   AUTHOR       = {Fernando Cacciola and Andreas Fabri and Ron Wein},
   BOOKTITLE    = {{CGAL} User and Reference Manual},
   PUBLISHER    = {},
   TITLE        = {{CGAL} and the Boost Graph Library},
   YEAR         = {2009},
   EDITION      = {3.5},
   EDITOR       = {{CGAL Editorial Board}},
   URL          = {http://www.cgal.org/Manual/3.5/doc_html/cgal_manual/packages.html#Pkg:BGL}
}

@INCOLLECTION{cgal:fs-cbpm-09,
   AUTHOR       = {Andreas Fabri and Laurent Saboret},
   BOOKTITLE    = {{CGAL} User and Reference Manual},
   PUBLISHER    = {},
   TITLE        = {{CGAL} and Boost Property Maps},
   YEAR         = {2009},
   EDITION      = {3.5},
   EDITOR       = {{CGAL Editorial Board}},
   URL          = {http://www.cgal.org/Manual/3.5/doc_html/cgal_manual/packages.html#Pkg:Property_map}
}

@INCOLLECTION{cgal:d-ss-09,
   AUTHOR       = {Christophe Delage},
   BOOKTITLE    = {{CGAL} User and Reference Manual},
   PUBLISHER    = {},
   TITLE        = {Spatial Sorting},
   YEAR         = {2009},
   EDITION      = {3.5},
   EDITOR       = {{CGAL Editorial Board}},
   URL          = {http://www.cgal.org/Manual/3.5/doc_html/cgal_manual/packages.html#Pkg:SpatialSorting}
}

@INCOLLECTION{cgal:atw-aabb-09,
   AUTHOR       = {Pierre Alliez and Stéphane Tayeb and Camille Wormser},
   BOOKTITLE    = {{CGAL} User and Reference Manual},
   PUBLISHER    = {},
   TITLE        = {AABB Tree},
   YEAR         = {2009},
   EDITION      = {3.5},
   EDITOR       = {{CGAL Editorial Board}},
   URL          = {http://www.cgal.org/Manual/3.5/doc_html/cgal_manual/packages.html#Pkg:AABB_tree}
}

@INCOLLECTION{cgal:h-msms-09,
   AUTHOR       = {Michael Hoffmann},
   BOOKTITLE    = {{CGAL} User and Reference Manual},
   PUBLISHER    = {},
   TITLE        = {Monotone and Sorted Matrix Search},
   YEAR         = {2009},
   EDITION      = {3.5},
   EDITOR       = {{CGAL Editorial Board}},
   URL          = {http://www.cgal.org/Manual/3.5/doc_html/cgal_manual/packages.html#Pkg:MatrixSearch}
}

@INCOLLECTION{cgal:hkpw-se-09,
   AUTHOR       = {Michael Hoffmann and Lutz Kettner and Sylvain Pion and 
      Ron Wein},
   BOOKTITLE    = {{CGAL} User and Reference Manual},
   PUBLISHER    = {},
   TITLE        = {STL Extensions for CGAL},
   YEAR         = {2009},
   EDITION      = {3.5},
   EDITOR       = {{CGAL Editorial Board}},
   URL          = {http://www.cgal.org/Manual/3.5/doc_html/cgal_manual/packages.html#Pkg:StlExtension}
}

@INCOLLECTION{cgal:dksy-hc-09,
   AUTHOR       = {Olivier Devillers and Lutz Kettner and Michael Seel and 
      Mariette Yvinec},
   BOOKTITLE    = {{CGAL} User and Reference Manual},
   PUBLISHER    = {},
   TITLE        = {Handles and Circulators},
   YEAR         = {2009},
   EDITION      = {3.5},
   EDITOR       = {{CGAL Editorial Board}},
   URL          = {http://www.cgal.org/Manual/3.5/doc_html/cgal_manual/packages.html#Pkg:HandlesAndCirculators}
}

@INCOLLECTION{cgal:hhks-gos-09,
   AUTHOR       = {Susan Hert and Michael Hoffmann and Lutz Kettner and 
      Sven Schönherr},
   BOOKTITLE    = {{CGAL} User and Reference Manual},
   PUBLISHER    = {},
   TITLE        = {Geometric Object Generators},
   YEAR         = {2009},
   EDITION      = {3.5},
   EDITOR       = {{CGAL Editorial Board}},
   URL          = {http://www.cgal.org/Manual/3.5/doc_html/cgal_manual/packages.html#Pkg:Generators}
}

@INCOLLECTION{cgal:kps-pthum-09,
   AUTHOR       = {Lutz Kettner and Sylvain Pion and Michael Seel},
   BOOKTITLE    = {{CGAL} User and Reference Manual},
   PUBLISHER    = {},
   TITLE        = {Profiling Tools Timers, Hash Map, Union-find, Modifiers},
   YEAR         = {2009},
   EDITION      = {3.5},
   EDITOR       = {{CGAL Editorial Board}},
   URL          = {http://www.cgal.org/Manual/3.5/doc_html/cgal_manual/packages.html#Pkg:ProfilingTools}
}

@INCOLLECTION{cgal:fgk-ios-09,
   AUTHOR       = {Andreas Fabri and Geert-Jan Giezeman and Lutz Kettner},
   BOOKTITLE    = {{CGAL} User and Reference Manual},
   PUBLISHER    = {},
   TITLE        = {IO Streams},
   YEAR         = {2009},
   EDITION      = {3.5},
   EDITOR       = {{CGAL Editorial Board}},
   URL          = {http://www.cgal.org/Manual/3.5/doc_html/cgal_manual/packages.html#Pkg:IOstreams}
}

@INCOLLECTION{cgal:fp-g-09,
   AUTHOR       = {Andreas Fabri and Sylvain Pion},
   BOOKTITLE    = {{CGAL} User and Reference Manual},
   PUBLISHER    = {},
   TITLE        = {Geomview},
   YEAR         = {2009},
   EDITION      = {3.5},
   EDITOR       = {{CGAL Editorial Board}},
   URL          = {http://www.cgal.org/Manual/3.5/doc_html/cgal_manual/packages.html#Pkg:Geomview}
}

@INCOLLECTION{cgal:fr-cqgvf-09,
   AUTHOR       = {Andreas Fabri and Laurent Rineau},
   BOOKTITLE    = {{CGAL} User and Reference Manual},
   PUBLISHER    = {},
   TITLE        = {{CGAL} and the Qt Graphics View Framework},
   YEAR         = {2009},
   EDITION      = {3.5},
   EDITOR       = {{CGAL Editorial Board}},
   URL          = {http://www.cgal.org/Manual/3.5/doc_html/cgal_manual/packages.html#Pkg:GraphicsView}
}

@INCOLLECTION{cgal:lp-ci-09,
   AUTHOR       = {Sébastien Loriot and Sylvain Pion},
   BOOKTITLE    = {{CGAL} User and Reference Manual},
   PUBLISHER    = {},
   TITLE        = {{CGAL} Ipelets},
   YEAR         = {2009},
   EDITION      = {3.5},
   EDITOR       = {{CGAL Editorial Board}},
   URL          = {http://www.cgal.org/Manual/3.5/doc_html/cgal_manual/packages.html#Pkg:CGALIpelets}
}

